<?xml version="1.0" encoding="UTF-8"?><collection xmlns="http://www.loc.gov/MARC21/slim"><record><leader>00581nam--2200169-i-4500</leader><controlfield tag="001">000034019</controlfield><controlfield tag="002">20161230</controlfield><controlfield tag="005">20161230201039</controlfield><controlfield tag="008">060222s1000------------r-----000-0-eng-d</controlfield><datafield ind1=" " ind2=" " tag="040"><subfield code="a">IFIN-HH</subfield></datafield><datafield ind1=" " ind2=" " tag="080"><subfield code="a">539.12.162.8(043)</subfield></datafield><datafield ind1="1" ind2=" " tag="100"><subfield code="a">Moscoso, Luciano</subfield></datafield><datafield ind1="1" ind2="0" tag="245"><subfield code="a">Etude d`etats finals 0 produits par diffusion k - proton a 3,95 gev/c. article principal recouvrant en partie la these. nuclear physics b36 (1972)</subfield><subfield code="b">These</subfield><subfield code="c">Luciano moscoso</subfield></datafield><datafield ind1=" " ind2=" " tag="260"><subfield code="a">Orsay</subfield><subfield code="b">Faculte Des Sciences D`Orsay</subfield><subfield code="c">1973</subfield></datafield><datafield ind1=" " ind2=" " tag="300"><subfield code="a">/333-344P.</subfield></datafield><datafield ind1=" " ind2=" " tag="852"><subfield code="a">40296</subfield><subfield code="c">539.131</subfield></datafield><datafield ind1=" " ind2=" " tag="CAT"><subfield code="a">Sys</subfield><subfield code="c">20120302</subfield><subfield code="h">092522</subfield></datafield></record></collection>